<?xml version="1.0" encoding="UTF-8"?>
<collection xmlns:xsi="http://www.w3.org/2001/XMLSchema-instance" xsi:schemaLocation="http://www.loc.gov/MARC21/slim http://www.loc.gov/standards/marcxml/schema/MARC21slim.xsd" xmlns="http://www.loc.gov/MARC21/slim">
<record>
  <leader>01104cam a2200277   4500</leader>
  <controlfield tag="001">2670696</controlfield>
  <controlfield tag="003">NNC</controlfield>
  <controlfield tag="005">20130425143327.0</controlfield>
  <controlfield tag="008">821117m19689999iq       b    000 0 arar </controlfield>
  <datafield tag="010" ind1=" " ind2=" ">
    <subfield code="a">ne 68004079 </subfield>
  </datafield>
  <datafield tag="035" ind1=" " ind2=" ">
    <subfield code="a">(OCoLC)ocm08966368</subfield>
  </datafield>
  <datafield tag="035" ind1=" " ind2=" ">
    <subfield code="9">ARB9263CU</subfield>
  </datafield>
  <datafield tag="035" ind1=" " ind2=" ">
    <subfield code="a">(NNC)2670696</subfield>
  </datafield>
  <datafield tag="040" ind1=" " ind2=" ">
    <subfield code="a">DLC</subfield>
    <subfield code="c">TKN</subfield>
    <subfield code="d">TKN</subfield>
    <subfield code="d">OCL</subfield>
    <subfield code="d">ZCU</subfield>
  </datafield>
  <datafield tag="090" ind1=" " ind2=" ">
    <subfield code="a">KBL0</subfield>
    <subfield code="b">.B34</subfield>
  </datafield>
  <datafield tag="100" ind1="1" ind2=" ">
    <subfield code="a">Baḥr al-ʻUlūm, Muḥammad,</subfield>
    <subfield code="d">1845-1908.</subfield>
  </datafield>
  <datafield tag="245" ind1="1" ind2="0">
    <subfield code="a">Bulghat al-faqīh :</subfield>
    <subfield code="b">majmūʻat buḥūth. wa-rasāʾil wa-qawāʻid fiqhīyah--tasud ḍarūrat al-faragh fi al-tashrīʻ al-islāmī wa-al-fiqh al-istidlālī-- /</subfield>
    <subfield code="c">taṣnīf Muḥammad Āl Baḥr al-ʻUlūm. Sharḥ wa-taʻlīq Muḥammad Taqī Baḥr al-ʻUlūm.</subfield>
  </datafield>
  <datafield tag="250" ind1=" " ind2=" ">
    <subfield code="a">[al-Ṭabʻah 3.]</subfield>
  </datafield>
  <datafield tag="260" ind1=" " ind2=" ">
    <subfield code="a">[al-Najaf,</subfield>
    <subfield code="b">Maṭbaāt al-Ādāb</subfield>
    <subfield code="c">1968-</subfield>
  </datafield>
  <datafield tag="300" ind1=" " ind2=" ">
    <subfield code="a">v.</subfield>
    <subfield code="c">25 cm.</subfield>
  </datafield>
  <datafield tag="490" ind1="1" ind2=" ">
    <subfield code="a">Maktabat al-ʻalamayn al-ʻāmmah ;</subfield>
    <subfield code="v">9</subfield>
  </datafield>
  <datafield tag="504" ind1=" " ind2=" ">
    <subfield code="a">Bibliographical footnotes.</subfield>
  </datafield>
  <datafield tag="650" ind1=" " ind2="0">
    <subfield code="a">Islamic law.</subfield>
  </datafield>
  <datafield tag="700" ind1="1" ind2=" ">
    <subfield code="a">Baḥr al-ʻUlūm, Muḥammad Taqī,</subfield>
    <subfield code="d">1900 or 1901-,</subfield>
    <subfield code="e">editor.</subfield>
  </datafield>
  <datafield tag="830" ind1=" " ind2="0">
    <subfield code="a">Maktabat al-ʻalamayn al-ʻāmmah ;</subfield>
    <subfield code="v">9.</subfield>
  </datafield>
  <datafield tag="955" ind1=" " ind2=" ">
    <subfield code="b">0036759279</subfield>
    <subfield code="d">glx</subfield>
    <subfield code="e">KBL .B34</subfield>
    <subfield code="v">v.1</subfield>
  </datafield>
</record>
</collection>